<?xml version="1.0" encoding="UTF-8"?><collection xmlns="http://www.loc.gov/MARC21/slim"><record><leader>00434nam--2200133-i-4500</leader><controlfield tag="001">000029346</controlfield><controlfield tag="002">20161230</controlfield><controlfield tag="005">20161230201037</controlfield><controlfield tag="008">060222s1000------------r-----000-0-eng-d</controlfield><datafield ind1=" " ind2=" " tag="080"><subfield code="a">658.15:621.311.22.621.311.22:658.15</subfield></datafield><datafield ind1=" " ind2=" " tag="100"><subfield code="a">Laschin, M.N</subfield></datafield><datafield ind1=" " ind2=" " tag="245"><subfield code="a">Organizarea pe baza de hozrasciot a centralelor termoelectrice. numai pentru documentare</subfield></datafield><datafield ind1=" " ind2=" " tag="260"><subfield code="a">Bucuresti, Editura Energetica De Stat, 1954, 95p. Litografiat</subfield></datafield><datafield ind1=" " ind2=" " tag="852"><subfield code="a">3301</subfield></datafield></record></collection>